@inproceedings{armisen2016formative,
  title={Formative and Summative Feedback in Solution Generation: The Role of Community and Decision Support System in Open Source Software},
  author={Armisen, Albert and Majchrzak, Ann and Brunswicker, Sabine},
  booktitle= {Proceedings of the International Conference on Information Systems (ICIS 2016)},
  year={2016},
  publisher={Association for Information Systems},
    address = "Atlanta", 
}



@inproceedings{teixeira_et_al_icis2016,
  title={Cooperation among competitors in the open-source arena: The case of OpenStack},
  author={Teixeira, Jose and Mian, Salman and Hytti, Ulla},
 booktitle= {Proceedings of the International Conference on Information Systems (ICIS 2016)},
  year={2016},
  publisher={Association for Information Systems}, 
  address = "Atlanta", 
}



@Article{	  CorradiFanelli_et_al2014,
  title		= {VM consolidation: A real case based on OpenStack Cloud},
  author	= {Corradi, Antonio and Fanelli, Mario and Foschini, Luca},
  journal	= {Future Generation Computer Systems},
  volume	= {32},
  pages		= {118--127},
  year		= {2014},
  publisher	= {Elsevier}
}



@Article{	  MalikAhmed_et_al2017,
  title		= {A measurement study of open source SDN layers in openStack
		  under network perturbation},
  author	= {Malik, Aqsa and Ahmed, Jawad and Qadir, Junaid and Ilyas,
		  Muhammad U},
  journal	= {Computer Communications},
  year		= {2017},
  publisher	= {Elsevier},
  volume	= {Volume 102},
  pages		= {139--149}
}

